@article{IDVE,
  author    = {P.Morillo and
               J.M.Orduna and
               M.Fernandez and
               J.Duato},
  title     = {{Improving the Performance of Distributed Virtual Environment
Systems}},
  journal = {IEEE TRANSACTIONS ON PARALLEL AND DISTRIBUTED SYSTEMS},
  volume = {16},
  number = {7},
  year = {2005},
}

@book{GamePattern,
  author = {Robert Nystrom},
  title = {Game Programming Patterns},
  year = {2014},
  publisher = {Genever Benning}
}
